3657 4413
855 162 940 222 62
1247 149 2759 217 ,DEART1sPo‘1-:Trcffi

849 262 1130 337 timeret,
1166 259 1382 327 *caeteri
1422 253 1879 352 adsurgebant.
1943 234 2191 354 quue
2228 253 2490 344 fortasse
2520 260 2718 330 Maro
2742 251 3125 356 respiciens,
3163 257 3239 329 in

850 358 1105 454 Ecloga
1124 354 1208 425 ad
1235 355 1507 424 Gallum
1534 356 1656 423 ait:

1152 468 1333 546 thue
1350 459 1474 525 viro
1497 455 1683 522 Phoebi
1707 457 1903 524 chorus
1919 455 2289 545 affurrexerit
2309 461 2507 526 omnis.

944 553 1099 622 Nec
1128 573 1262 619 tam
1308 550 1651 647 dignitatis
1690 550 1794 620 hic
1836 556 2003 620 ratio
2030 550 2444 634 habebatur,
2479 547 2684 646 quim
2709 548 3050 622 dostrinae.
3110 554 3246 622 Ita-

857 674 987 745 que
1012 653 1233 718 Attius
1258 672 1475 744 poeta,
1504 650 1572 715 in
1596 647 1885 745 collegio
1908 653 2285 745 poetarum,
2314 674 2455 720 non
2475 644 2886 745 adsurgebat.
2912 646 3245 721 CCaesari

860 747 1212 828 Straboni,
1245 747 1388 817 viro
1413 741 1680 814 summae
1702 745 2042 845 dignitatis
2060 796 2081 829 ‚
2107 751 2221 845 qui
2245 749 2551 819 Mariano
2575 747 2770 842 periit
2792 745 2988 815 bello.
3046 749 3245 818 Vale-

528 846 568 884 *
593 847 708 907 Lib.
738 867 762 915 3
854 847 1033 914 rium
1071 846 1524 913 Maximum*
1563 842 1643 914 de
1681 869 1765 912 eo
1793 846 2180 916 audiamus:
2222 863 2279 918 Is
2302 851 2444 919 Iulio
2472 847 2677 936 Caefitri
2699 854 2718 923 ζ
2748 846 3120 938 ampleffimo,
3168 849 3247 924 (θ’

523 946 646 1010 cap.
670 941 722 990 8.

841 945 1239 1035 florenttffimo
1270 949 1396 1015 viro
1422 990 1444 1022 ,
1476 948 1538 1014 in
1577 947 1873 1037 collegium
1889 965 2201 1038 poetarum
2225 947 2528 1022 venienti,
2559 967 2864 1037 nunquam
2885 945 3239 1033 adfiarrexit:

855 1067 975 1112 non
1009 1041 1324 1136 majestatis
1357 1043 1476 1136 ejus
1505 1047 1810 1111 immemor
1827 1089 1850 1122 ,
1865 1044 1978 1133 fid
1992 1043 2147 1135 qubd
2161 1047 2226 1113 in
2251 1044 2677 1137 comparatione
2703 1047 3098 1122 communium
3112 1042 3251 1134 stu-
3324 1086 3335 1092 -

855 1142 1081 1210 diorum
1101 1143 1404 1230 aliquanto
1412 1141 1768 1231 fhperiorem
1777 1139 1846 1230 [ἑ
1866 1142 1966 1231 ff
1986 1141 2318 1232 confideret.
2372 1138 2501 1210 Sed
2523 1140 2602 1210 de
2631 1140 2918 1217 honore,
2946 1144 3250 1234 quipoe-

856 1238 942 1305 tis
964 1234 1235 1304 habitus
1262 1233 1353 1304 est
1390 1231 1425 1304 ὲ
1461 1239 1789 1306 Romanis
1810 1284 1834 1316 ,
1870 1238 2157 1334 longum
2192 1236 2265 1308 fit
2296 1236 2543 1335 fingula
2564 1233 2918 1307 recensere.
2966 1239 3080 1304 De
3097 1241 3253 1306 Ma-

860 1358 1028 1403 rone
1066 1329 1286 1402 solnm
1326 1335 1536 1403 dicam
1559 1389 1579 1414 ‚
1619 1335 1804 1431 quod
1825 1330 2095 1405 Tacitus
2118 1333 2358 1416 refert,
2393 1335 2495 1409 vel
2516 1335 2678 1403 alius
2706 1383 2727 1414 ,
2767 1339 2838 1402 in
2872 1334 3140 1429 dialogo
3169 1333 3253 1404 de

860 1429 1308 1502 Oratoribus:
1349 1437 1510 1502 Malo
1522 1467 1549 1510 ·‚
1589 1433 1808 1525 inquit
1826 1478 1852 1510 ,
1865 1432 2140 1522 securum
2162 1483 2181 1510 ,
2210 1435 2585 1522 &floretum
2612 1436 2829 1524 Virgilii
2847 1433 3152 1520 ficeffum:
3183 1437 3251 1502 in

852 1556 970 1622 quo
1004 1548 1409 1619 tamenneque
1436 1530 1598 1621 apud
1628 1532 1830 1599 divum
1861 1529 2178 1622 Augustum
2189 1527 2396 1623 gratian
2416 1535 2612 1601 caruit
2636 1581 2655 1607 ,
2696 1554 2880 1621 neque
2896 1531 3050 1620 apud
3066 1551 3255 1621 popu-

854 1632 984 1696 lum
1007 1639 1164 1692 Rom.
1193 1621 1435 1694 notitid'.
1485 1623 1667 1716 Testes
1688 1627 1921 1719 Augusti
1945 1627 2176 1719 epistola
2198 1676 2218 1707 ,
2260 1628 2410 1720 testis
2432 1629 2541 1720 ipsi
2551 1632 2787 1720 populus
2811 1653 2831 1709 ς
2863 1634 2964 1718 qui
2994 1674 3013 1704 ,
3035 1629 3253 1696 auditis

856 1728 924 1794 in
956 1725 1186 1792 theatro
1221 1722 1461 1813 verfibus
1497 1726 1758 1815 Virgilii,
1784 1724 2052 1814 stcrrexit
2091 1725 2380 1817 universus
2401 1778 2418 1804 ‚
2465 1716 2717 1816 &forth
2728 1723 3060 1817 praesentem
3080 1776 3100 1801 ,
3114 1728 3252 1817 spe-

854 1827 1230 1913 stantemque
1251 1868 1272 1899 ,
1318 1825 1617 1913 Virgilium
1640 1843 1944 1893 veneratus
1973 1821 2054 1914 est
2071 1874 2091 1900 ,
2118 1823 2210 1912 fic
2229 1824 2393 1915 quasi
2410 1823 2743 1914 Augustum.
2796 1826 2855 1887 Is
2878 1817 2977 1887 aff
2972 1819 3252 1916 urgendi

865 1920 937 1987 in
961 1917 1230 1995 theatris
1245 1916 1470 1987 honos
1498 1943 1675 1987 rarus
1698 1940 1854 1996 erat,
1875 1926 1941 1988 &
1969 1917 2279 2015 Augustae
2304 1918 2547 2003 domfis
2576 1917 2910 2013 proprius:
2943 1916 3118 1986 unde
3134 1916 3251 1986 hic

822 2094 828 2101 ,
862 2017 1560 2087 Maronemdicuntur
1581 2017 1972 2096 venerati,ut
1997 2013 2396 2112 Augustum.
2459 2015 2608 2086 Imo
2631 2040 2713 2084 ne
2744 2014 3018 2112 quidem
3038 2040 3252 2110 nepo-

791 2130 796 2137 ’
861 2113 1039 2184 tibus
1060 2110 1188 2183 suis
1212 2112 1491 2205 praestari
1512 2141 1666 2184 eum
1694 2114 1914 2187 voluit
1930 2112 2267 2213 Augustus
2290 2162 2312 2194 ,
2352 2116 2506 2211 quia
2529 2124 2852 2184 metueret
2878 2162 2897 2194 ‚
2933 2139 3015 2182 ne
3037 2110 3121 2181 fic
3145 2112 3251 2181 ni·-

864 2213 1075 2279 mium
1108 2208 1522 2276 inflarentur.
1555 2215 1907 2277 Suetonius
1930 2220 2106 2303 Aug.
2143 2216 2590 2302 Nepofibusfitis
2605 2221 2964 2303 praetextatis
2981 2212 3253 2299 adficrre-

852 2313 1017 2375 dum
1032 2303 1500 2393 abunivevfis,&
1514 2300 1845 2392 &stantibus
1858 2306 2153 2396 plauficm,
2165 2308 2496 2397 gravifflm&
2512 2308 2589 2397 ιβ
2605 2306 2845 2397 questus.
2882 2309 3144 2374 Viatico
3167 2304 3245 2374 fit

860 2425 1033 2495 opus
1059 2401 1288 2495 po'e‘tas
1313 2394 1705 2468 consecutos
1728 2423 2112 2469 enumerare
2141 2403 2432 2471 volenti:
2476 2428 2552 2470 ex
2578 2402 2823 2497 quibus
2847 2398 3186 2472 Ausonius
3209 2401 3247 2473 ai

862 2500 1190 2568 Gratiano
1214 2498 1412 2566 etiam
1435 2494 1759 2566 consulari
1781 2519 2052 2569 ornatus
2073 2497 2415 2595 dignitate.
2468 2499 2655 2591 Qid
2680 2523 3051 2569 memorem
3080 2526 3250 2597 gen-

861 2620 959 2668 tes
981 2596 1316 2665 barbaras?
1348 2596 1443 2663 uti
1475 2594 1740 2678 Gallos;
1771 2595 1857 2665 de
1879 2621 2172 2692 quorum
2199 2595 2454 2667 vatibus
2474 2621 2667 2666 antea
2687 2595 2843 2669 dixi:
2863 2599 3026 2669 item
3053 2601 3247 2669 Cim-

861 2696 1018 2763 bros
1040 2721 1061 2773 3
1087 2694 1309 2786 quain
1331 2716 1532 2787 gente
1552 2694 1715 2761 illud
1744 2692 2126 2763 mirandum
2155 2744 2176 2776 ‚
2221 2693 2411 2790 quod
2434 2715 2629 2765 tanto
2656 2696 2729 2765 iis
2753 2697 2829 2763 in
2858 2700 3079 2791 pretio
3099 2694 3248 2769 fue-

859 2795 944 2862 rit
967 2787 1176 2887 poefis
1200 2838 1222 2870 ,
1261 2811 1337 2857 ut
1358 2789 1715 2870 Hiarnum,
1746 2791 1902 2885 quia
1925 2793 2295 2862 Frotonem
2320 2817 2543 2891 regem
2571 2794 2915 2891 epitaphio
2938 2793 3243 2877 ornz'iffet,

859 2913 1084 2987 regem
1113 2884 1412 2957 fecerint.
1468 2884 1566 2956 Ea
1601 2889 1681 2958 de
1704 2912 1773 2956 re
1795 2885 1878 2957 sic
1905 2892 2073 2958 Saxo
2102 2890 2222 2958 lib4
2246 2913 2321 2962 v1
2353 2918 2370 2959 z
2408 2900 2693 2965 Carmine
2719 2895 2910 2973 edito,
2951 2901 3246 2964 audior-em

862 2993 1025 3075 Dani
1067 2989 1394 3057 diademate
1435 2995 1730 3057 munera-ti
1755 2989 1940 3079 fimt-
1992 3003 2087 3058 Ita
2120 2990 2197 3058 ab
2232 3000 2305 3060 eis
2333 2995 2687 3084 epitaphium
2728 2998 2896 3081 regne
2927 2991 3236 3080 repenstcm,

757 3179 761 3185 .
855 3089 1193 3179 imperiiqtce
1216 3088 1434 3178 pondus
1449 3110 1773 3179 paucarum
1794 3092 2121 3158 literarum
2142 3094 2454 3161 contextui·
2465 3092 2744 3162 donatum
2766 3086 2872 3179 ιβ.
2931 3084 3079 3157 Διίεὺ
3102 3092 3245 3160 exili

853 3186 1149 3279 impendio
1169 3189 1368 3277 ingens
1376 3190 1674 3277 praemium
1687 3186 1880 3281 stetit.
2273 3271 2280 3276 ,

950 3335 1067 3388 1o.
1112 3319 1166 3393 ἐ·
1199 3324 1527 3420 Qamvu
1567 3304 1732 3385 verb
1752 3309 1961 3414 poetis
2006 3305 2316 3388 omnibus
2348 3305 2543 3388 bonos
2565 3332 2695 3384 non
2719 3301 2876 3381 levis
2901 3301 3243 3389 debeatur:

1091 3419 1278 3528 long&
1317 3444 1550 3499 tamen
1589 3418 1885 3530 amplicat
1921 3445 2275 3502 merentur
2297 3443 2649 3531 poetarum
2690 3416 2833 3510 illi,
2865 3424 2988 3530 qui
3008 3447 3141 3497 non
3165 3428 3244 3498 in

1088 3530 1340 3613 umbris
1368 3541 1721 3643 parietum
1731 3529 1870 3639 stfi’
1915 3539 2258 3614 continent
2296 3569 2329 3624 ;
2350 3526 2494 3638 sed
2527 3556 2632 3608 res
2668 3536 2883 3609 etiam
2903 3529 3232 3643 ipstpace,

1088 3643 1211 3723 vel
1221 3641 1384 3725 belZo
1413 3709 1432 3743 ‚
1470 3669 1736 3757 gerunt.

948 3782 1181 3882 Qalis
1209 3781 1392 3855 fuere
1420 3782 1599 3877 apud
1629 3785 1907 3855 Graecos
1935 3785 2187 3856 Alcaeus
2209 3836 2228 3862 ,
2251 3777 2738 3862 Archilochus,
2764 3781 3086 3875 Tyrtaeus‚
3113 3781 3238 3851 So..'

846 3884 1118 3988 phocles
1143 3911 1161 3956 ε
1190 3882 1368 3982 apud
1395 3883 1671 3987 Latinos
1698 3882 1969 3990 Galius,
1996 3879 2345 3987 TibuiiuS,
2370 3881 2813 3986 Germanicus
2830 3927 2855 3974 ,
2889 3878 3103 3960 Silius,
3132 3897 3238 3945 at..

895 4009 902 4017 .
2957 4014 2966 4022 -
3102 3997 3235 4069 que
