3657 4413
1832 180 1868 236 1
1958 175 2016 234 N
2095 176 2152 233 D
2231 172 2297 232 E·
2361 171 2436 230 X.
2463 188 2509 220 ’κ

920 283 1302 365 Argonautica
1320 280 1690 364 ‘alteriussum
1715 324 1743 353 ,‚
1778 280 1951 364 quam
1975 295 2084 342 or·
2163 282 2372 343 Baccho
2387 294 2586 361 'quare
2615 278 2833 342 tributa
2874 298 3059 343 corona
3091 284 3311 346 hedera-

1005 368 1153 447 pbei.
1845 371 2075 441 xiij.79.

923 450 1305 528 Aristophanes
1334 453 1513 511 multa
1538 449 1678 508 ridet
1710 450 1768 505 in
1797 447 2073 525 Euripide.

1001 553 1054 587 v.
1080 534 1176 590 26.
1203 537 1333 590 Erus
1342 535 1612 609 facundia
1629 532 1842 590 canina.
1861 537 1944 587 ix.
1973 550 2068 596 49.

1002 612 1192 671 Ebrius
1200 613 1387 693 firtps
1383 632 1406 672 t
1436 613 1728 672 comoedias.
1869 617 1957 685 xij.
1976 627 2069 680 70.

925 690 1220 766 Aristoteles
1237 697 1437 774 quidt
1385 694 1649 771 significet
1680 708 1768 771 per
1798 690 1967 770 ψιλὸς
1990 697 2071 749 λό-

1003 801 1122 848 yae.
1155 782 1270 850 ij17
1286 789 1338 834 8.
1369 780 1653 833 Socraticos
1674 774 1939 848 firmones
1961 789 2078 851 poe-

1002 875 1216 914 matum
1233 864 1439 914 nomine
1454 858 1729 933 dignatur.
1746 857 1891 913 Ibid.
1914 865 2074 912 Nun

1002 958 1173 1016 quam
1196 943 1421 1013 agnovit
1437 953 1616 1033 poema
1633 937 1843 1012 οἴμετςω
1860 937 2001 994 Ibid.
2016 959 2070 1005 9.

1000 1017 1192 1077 Multa
1217 1026 1397 1092 arguit
1426 1025 1482 1076 in
1513 1021 1776 1095 Euripide.
1795 1042 1841 1076 v.
1858 1018 1951 1076 26.
1978 1023 2070 1074 Li-

1002 1100 1116 1156 bros
1130 1117 1234 1157 tres
1250 1104 1309 1157 de
1321 1104 1479 1178 poetis
1493 1099 1711 1176 scripsit.
1735 1121 1765 1156 2
1779 1112 1824 1159 8
1852 1101 2068 1157 Lauda-

912 1214 920 1237 <
1004 1196 1094 1238 tus
1113 1182 1176 1238 ob
1205 1185 1469 1257 ingentem
1492 1187 1696 1258 poetica
1723 1185 1860 1248 artis
1873 1184 2073 1245 intelli—

992 1265 1256 1337 gentiam.
1278 1265 1418 1321 Ibid.
1441 1264 1623 1319 Plures
1643 1283 1744 1320 uno
1759 1265 1818 1322 de
1835 1263 1940 1320 hac
1954 1278 2073 1320 arte
2139 1266 2371 1340 ..Berosus
2406 1262 2658 1338 vulgaris
2681 1303 2697 1327 ‚
2731 1260 3093 1340 fhppositicius
3106 1269 3303 1329 Annii
3398 1272 3403 1281 ‘

922 1336 927 1342 ”
1001 1343 1157 1400 libros
1161 1343 1357 1419 strpsit.
1367 1346 1502 1403 I-bid.
1513 1352 1608 1400 Eos
1623 1350 1889 1401 exaravit
1887 1342 2066 1418 finex.

926 1500 927 1503 Ἴ
1002 1425 1142 1483 ijd
1176 1426 1309 1500 Qae
1347 1446 1413 1482 ex
1443 1443 1589 1502 opere
1616 1446 1668 1480 eo
1685 1427 1951 1500 perierint.
1978 1441 2069 1492 ²9·

1005 1509 1153 1562 Vivo
1172 1505 1392 1561 Platone
1399 1505 1637 1579 ftholam
1655 1505 2066 1578 instituit.1bid.

1002 1593 1074 1640 In
1092 1589 1490 1641 Acroamaticis
1519 1603 1623 1639 non
1654 1582 1758 1658 ηξῙί
1777 1583 1848 1641 ab
1871 1588 2062 1650 acutis,

982 1662 1075 1734 (ξι
1106 1667 1341 1730 intentis,
1360 1667 1687 1739 intelligitur.
1848 1672 1959 1739 viij.
1966 1686 2059 1734 45.

918 1743 1226 1818 Aristoteles
1239 1744 1444 1801 alius
1413 1767 1451 1801 a
1471 1749 1765 1821 Stagirita,
1794 1751 2063 1827 Cyrenai-

1001 1845 1121 1884 cus
1105 1828 1351 1905 ,quique
1366 1827 1556 1885 itidem
1572 1828 1840 1899 Baeticam
1838 1826 2027 1905 scrtps
2021 1844 2062 1885 t

1903 1930 1952 1965 v.
1966 1926 2058 1984 29.

921 1976 1216 2050 Arminius
1231 1985 1412 2068 priscis
1431 1991 1711 2046 Germanis
1737 1991 2067 2067 carminibus

1001 2075 1188 2149 patriis
1206 2070 1521 2128 celebratus.
1887 2078 1957 2148 iij.
1976 2090 1994 2126 1
2010 2094 2064 2145 7.

922 2155 1047 2220 Ars,
1070 2157 1126 2209 in
1139 2151 1276 2229 poesi
1287 2155 1471 2215 etiam,
1493 2152 1609 2208 dux
1629 2155 1818 2211 certior
1840 2152 2065 2226 natura.

878 2232 889 2238 ”
1001 2255 1054 2290 v.
1079 2245 1172 2288 26.
1207 2234 1376 2289 Nulla
1391 2247 1506 2286 tam
1523 2232 1823 2302 laudabilis,
1854 2240 1989 2311 quin
2001 2255 2067 2290 ea

999 2312 1306 2369 abutantur
1320 2310 1569 2367 homines.

1804 2348 1808 2351 ⁴
1845 2334 1955 2389 vn]-
1965 2335 2058 2385 77·

919 2391 1249 2472 A’gvifcmtou
1269 2411 1396 2471 qua.
1773 2395 1779 2414 ⁵
1840 2399 1933 2467 viij
1962 2393 2060 2461 46.

919 2478 1024 2535 Asa
1033 2474 1269 2554 priscum
1285 2491 1368 2555 pro
1386 2494 1492 2531 ara.
1905 2481 1956 2529 ii
1971 2493 1996 2530 1
2016 2496 2061 2533 1.

919 2556 1202 2635 'Afipodori
1217 2555 1278 2613 de
1294 2557 1534 2634 Cupidine
1547 2554 1734 2614 liber
1701 2579 1740 2613 a
1760 2552 2066 2632 poesinlum

1000 2633 1313 2724 differebat,
1356 2635 1504 2714 quod
1512 2638 1743 2716 scriptus
1767 2634 1879 2713 effit
1898 2635 2067 2715 prosa.

1947 2722 2000 2791 ij.
2012 2730 2062 2778 8.

917 2796 1272 2884 Affiugendi
1250 2818 1307 2855 tn
1321 2797 1548 2855 theatris
1571 2797 1729 2855 bonos
1743 2818 1914 2856 rarus
1924 2819 1961 2854 Χ
1984 2809 2059 2856 62

917 2879 1116 2939 Attius
1147 2900 1242 2937 cur
1266 2884 1324 2938 in
1343 2894 1626 2957 poetarum
1643 2883 1844 2957 collegio
1859 2898 1953 2936 nec
1969 2885 2063 2935 Ca-

995 2960 1115 3038 sari
1144 2962 1388 3020 Straboni
1411 2960 1771 3039 affitrrexerit.
1901 2982 1956 3017 Χ.
1965 2972 2060 3017 62.

917 3043 1075 3100 Aves
1121 3060 1389 3118 unguento
1422 3040 1689 3121 P‘ffus‘
1655 3065 1696 3099 a
1728 3044 2054 3119 virginibus,

1003 3140 1300 3203 antequam
1320 3125 1749 3183 demitterentur.
1843 3129 1954 3209 viij
1959 3140 2059 3199 44.

917 3205 1196 3281 Augustus
1225 3209 1374 3281 caſser
1406 3225 1508 3262 cur
1534 3205 1766 3263 noluerit
1795 3197 2064 3283 nepotibus

985 3290 1099 3359 fitis
1125 3284 1366 3362 assurgi
1333 3308 1371 3343 a
1395 3275 1593 3364 populo.

917 3366 1218 3431 Αυληπκη,
1254 3370 1326 3438 ό·
1345 3367 1666 3431 harmonia,
1694 3366 1751 3436 ό
1791 3289 2059 3450 313χᾶιὸὴῶ
1960 3383 2058 3437 mo,

1000 3449 1275 3506 imitatur.
1461 3473 1463 3475 ·
1933 3455 1987 3523 ij.
2003 3474 2057 3519 9.

918 3529 1148 3592 Auselii,
1177 3529 1403 3631 antique
1418 3543 1505 3607 pro
1523 3530 1749 3590 Aurelii.
1896 3536 1984 3604 ij.1
2007 3553 2057 3589 ι.

917 3611 1124 3688 Ᾱυπχε
1138 3607 1418 3685 2132ch
1427 3609 1563 3689 poes
1534 3632 1609 3668 os
1624 3607 1815 3686 caufflt.
1837 3617 1950 3686 xiij.
1961 3626 2056 3688 76.

919 3775 1010 3896 B
1033 3693 1588 3847 Acchasfurereliscri
1610 3771 1826 3838 humore
1847 3775 2058 3834 melan-

1026 3856 1236 3923 cholico,
1257 3873 1362 3914 non
1383 3857 1563 3919 divino
1571 3855 1789 3935 spiritu,
1803 3863 2050 3939 percitae.

1852 3944 1943 4014 xij.
1955 3961 2051 4016 72.

2241 385 2351 421 eea.
2856 394 2888 412 κ
3042 388 3095 424 Χ.
3109 382 3197 439 56.
3209 392 3302 440 57.

2133 445 2516 527 Bacchylides
2524 462 2621 503 cur
2656 462 2817 504 corvo
2844 465 2883 500 a
2906 450 3139 506 Pindaro
3159 470 3304 507 com-

2232 543 2479 605 paratus.
3143 553 3193 588 v.
3204 551 3304 602 24

2156 609 2325 670 Bardi
2350 609 2499 685 apud
2519 610 2694 667 GaHos
2725 610 2784 665 in
2795 614 2982 686 pretio.
3011 617 3308 685 iij.16.He-

2236 709 2387 747 roum
2413 690 2561 766 gesta
2593 692 2918 749 carminibus
2944 693 3297 752 celebrairunt.

2243 772 2389 828 Ibid.
3074 802 3078 805 ·

2157 850 2379 928 Bartas
2352 873 2453 920 us
2483 858 2642 931 po'e‘ta
2671 857 2874 913 Gallus.

2153 1108 2503 1165 Beanorum,
2530 1115 2595 1160 ut
2615 1114 2854 1167 vocant,
2875 1096 3112 1176 depositio
3130 1101 3302 1180 quam

2238 1188 2491 1262 antiqua.
3040 1203 3089 1241 Χ.
3107 1194 3194 1252 58.
3207 1207 3294 1253 59.

2243 1341 2574 1418 viterbiensis
2574 1344 2769 1419 foetus.
2877 1400 2881 1405 ,
3022 1354 3025 1365 ”
3108 1350 3185 1419 iij.
3204 1371 3220 1405 1
3236 1357 3271 1403 6
3280 1393 3293 1407 .

2148 1427 2359 1482 Brotini
2378 1464 2394 1485 ,
2431 1423 2521 1482 vel
2542 1424 2793 1483 Brontini
2820 1427 3062 1502 quedam
3095 1429 3297 1503 orphei

2245 1504 2471 1563 credita.
3077 1513 3310 1587 xis1j.79.'

2533 1640 2750 1693 .'C.

2152 1747 2385 1868 CAEs
2366 1753 2479 1808 aris
2499 1747 2782 1807 Michaelis
2807 1748 3293 1825 Parapinacisstul-

2281 1836 2433 1892 titia.
2461 1837 2516 1905 ij.
2547 1842 2601 1888 6.
2632 1829 2801 1905 Futffi
2827 1828 3117 1904 amagislro
3138 1829 3295 1903 Psello

2232 1911 2451 1988 elusum.
2466 1908 2612 1969 Ibid.

2150 1993 2304 2068 Cesar
2331 1991 2559 2066 Scaliger
2588 1994 2648 2048 in
2678 2009 2783 2070 quo
2795 2003 2985 2087 prater
3003 2009 3197 2047 morem
3220 1989 3295 2047 ab

2156 2118 2162 2121 γ
2232 2074 2512 2149 Aristotele
2528 2071 2790 2148 receffirit.
2811 2076 2864 2145 iJ'.
2879 2093 2898 2128 ι
2920 2090 2966 2127 1.
2988 2081 3185 2140 Putat
3204 2070 3299 2129 hi-

2220 2151 2504 2231 storiam
2470 2176 2511 2211 a
2526 2150 2666 2234 poesi
2686 2173 2790 2211 non
2812 2151 3041 2231 differre,
3067 2151 3172 2228 ms
3145 2173 3292 2212 mo

2231 2239 2298 2294 do
2320 2239 2579 2297 didionis.
2621 2236 2761 2292 Ibid.
2798 2244 2958 2291 Poeta
2982 2237 3171 2304 bonus3
3197 2237 3298 2311 fid

2233 2316 2377 2392 longe*
2396 2316 2580 2375 melior
2601 2318 2809 2391 poetica
2826 2318 2963 2371 artis
2977 2317 3207 2393 scriptor.
3238 2341 3291 2381 v.

3185 2418 3215 2452 2
3230 2416 3287 2467 7.

2104 2477 2535 2541 Callimachus,
2542 2474 2646 2551 etsi
2662 2476 2842 2535 minus
2869 2480 3092 2553 ingenio,
3118 2476 3295 2557 quam

2234 2574 2373 2626 arte,
2395 2558 2632 2617 valeret:
2654 2578 2842 2653 magno
2859 2576 3039 2616 tamen
3052 2559 3159 2617 loco
3184 2560 3293 2617 ha-

2234 2621 2378 2698 bitus
2396 2639 2724 2726 abantiquis
2733 2655 2912 2717 poetis
2934 2660 2991 2697 v.
3000 2652 3091 2699 26.
3114 2646 3186 2715 xj.
3193 2652 3288 2716 67.

2148 2722 2379 2795 Calliope
2400 2707 2591 2777 heder-d
2605 2737 2874 2778 coronata.
3126 2745 3178 2781 x.
3196 2734 3288 2792 56.

2148 2804 2410 2858 Camenae
2433 2800 2587 2879 prius
2621 2817 2822 2859 vocata
2859 2802 3184 2873 Casmenae,
3216 2804 3289 2874 ό·

2228 2887 2537 2951 Carmenae,
2558 2887 2618 2956 ij.
2636 2905 2656 2941 1
2675 2904 2721 2941 1.
2749 2885 2899 2940 Vnde
2897 2881 2963 2958 s
2933 2905 2984 2942 c
3000 2877 3152 2945 diste.
3169 2892 3289 2958 xiij.

2147 2985 2152 2993 ’
3184 2976 3284 3048 82.

2146 3048 2364 3105 Canina
2380 3045 2686 3125 eloquentia
2692 3048 2851 3124 poetis
2866 3063 2968 3102 non
2985 3037 3173 3125 paucis
3182 3052 3289 3123 ju·

2227 3149 2283 3184 re
2304 3128 2573 3202 objicitur.
3069 3130 3178 3223 viij.
3188 3151 3291 3199 49

2148 3211 2353 3267 camnis·
2373 3210 2563 3267 bellum
2578 3212 2859 3267 Dacicum.
3105 3213 3178 3283 vj.
3193 3232 3217 3279 3
3232 3232 3260 3270 2
3270 3254 3287 3270 .

2146 3294 2407 3351 Carmine
2443 3290 2594 3369 prius
2622 3291 2906 3359 literarum
2937 3308 3291 3351 monumenta

2163 3443 2168 3448 Ἴ
2225 3374 2305 3430 ad
2325 3373 2537 3451 posteros
2565 3371 2879 3450 transmiffiz.
2903 3378 2941 3446 j.
2965 3392 3015 3433 2.
3050 3378 3288 3433 Carmen

2226 3454 2266 3513 >a
2292 3455 2489 3528 casno'
2524 3456 2624 3513 vel
2655 3454 2814 3533 quast
2840 3462 3106 3512 canimen.
3125 3462 3185 3531 ij.
3198 3479 3216 3514 ι
3235 3477 3284 3516 ι.

2224 3546 2300 3596 ,Eo
2325 3535 2473 3613 prius
2476 3535 2684 3614 sirtpta
2711 3537 2782 3611 est
2811 3556 2890 3598 res
2917 3556 3085 3604 vera,
3117 3536 3286 3631 quarn

2169 3616 2429 3697 fabule.
2446 3620 2519 3690 iij.
2531 3635 2625 3685 24.
2645 3624 2952 3678 carminum
2965 3621 3285 3697 antiquitas,

2218 3694 2411 3776 quibus
2426 3716 2628 3756 amores
2649 3715 2984 3761 canerentur.
3121 3746 3127 3751 .
3191 3721 3211 3760 ι
3232 3723 3282 3769 5.

2142 3770 2330 3837 Caroli
2362 3774 2649 3853 Paschalis‘
2669 3777 2744 3837 de
2788 3790 2981 3839 Nonno
3022 3784 3285 3863 dragon-

2223 3852 2410 3937 0742'5·
2477 3895 2482 3899 ·
2537 3897 2540 3902 ·
2597 3889 2606 3896 ’
2953 3893 2956 3896 2
3049 3897 3060 3904 ·
3129 3884 3175 3920 Χ
3187 3885 3281 3938 52.

2142 3939 2367 4041 Carolus
2387 3941 2642 4023 Sigonius
2647 3939 2942 4007 laudatus
3035 3960 3039 3964 ⁴
3099 3950 3206 4017 vj.3
3227 3963 3281 4017 3.

2633 4077 2634 4080 ,
3105 4026 3285 4087 casno
