3657 4413
828 123 916 216 58
1319 111 1486 180 DE
1608 87 2769 186 inruens-irem

922 234 1229 326 Propert.
1260 223 1376 296 lib.
1412 249 1440 295 1
1456 249 1517 297 v.
1539 223 1708 323 eleg.
1731 246 1841 297 vn

1136 341 1292 398 Pura
1312 346 1533 400 novum
1556 330 1682 400 vati
1703 328 1908 396 laurea
1930 323 2118 396 mollit
2138 326 2277 396 iter.

926 423 1041 496 Εό
1073 442 1298 494 autem
1337 421 1527 492 lau'ru
1556 425 1771 520 po‘e'tae
1808 424 2155 507 coronati,
2202 420 2358 518 quia
2396 418 2778 494 haec‘arbor
2797 424 3243 501 dannomine
3315 482 3320 487 .

829 517 964 603 est,
1009 517 1261 617 semper
1287 520 1540 591 virens:
1576 521 1677 591 uti
1697 517 1953 616 semper
1977 520 2201 589 virent
2221 572 2241 599 ‚
2278 520 2664 617 vigentque,
2697 526 2989 594 carmina
3011 548 3242 621 poeta-

824 617 1001 689 rumss
1053 618 1201 693 Nifi
1222 644 1374 690 cum
1399 619 1616 714 poetis
1650 618 1839 687 malis
1873 620 1940 687 id
1966 615 2213 689 facstum
2250 620 2557 714 exemplo
2585 619 2959 715 Apollinis,
3009 645 3240 696 vatum

823 719 1162 814 principiS‚
1192 718 1312 815 qui
1336 715 1675 812 Delphis&
1703 714 2115 786 lauru-dabat
2151 717 2434 785 oracula.
2493 717 2792 813 Cat-issam
2820 725 3044 811 ajunt,
3081 722 3241 818 quia

824 837 969 885 non
993 836 1303 914 tangatur
1329 813 1633 885 fulmine.
1686 817 1881 884 Hanc
1910 836 2133 883 tamen
2158 818 2554 909 opinionem
2576 813 2703 886 effe
2723 815 2944 897 falsam
2964 868 2984 900 ‚
3013 817 3233 890 osten-

828 911 1048 986 dimus
1071 915 1185 986 lib.
1208 911 1499 991 seeundo
1529 913 1608 985 de
1639 914 1927 1012 Origine
1955 922 2022 985 &
2051 911 2396 1010 progressu
2424 914 2815 992 Idololatrix
2849 942 2989 1013 cap.
3010 926 3171 1012 1:1⁴1.

926 1082 988 1166 3.
1036 1064 1097 1141 §·
1144 1070 1206 1132 A
1217 1053 1640 1245 Zuibusdam
1665 1055 1998 1135 tranitum
2022 1051 2109 1158 est
2141 1119 2160 1148 ‚
2179 1053 2358 1169 fiqm'
2372 1053 2689 1167 pluribus
2715 1066 3104 1141 carminum
3116 1092 3234 1173 ge-

1069 1178 1216 1247 neri
1261 1198 1342 1248 us
1367 1172 1780 1249 excellerent
1808 1232 1827 1261 ‚
1866 1167 2250 1278 pancarpiri
2276 1180 2587 1247 coronari
2597 1169 2821 1278 solere.

930 1304 1054 1377 Uti
1086 1312 1122 1373 a
1156 1302 1465 1399 Gyraldo
1490 1303 1667 1375 Hist.
1688 1325 2037 1399 poetarum
2065 1302 2178 1371 lib.
2221 1327 2277 1372 1.
2310 1306 2463 1374 Nec
2494 1302 2811 1376 absurdus
2836 1330 2982 1376 mos
3007 1304 3231 1388 fuerit,

837 1402 1111 1500 quando
1132 1455 1158 1482 ,
1196 1424 1269 1471 ut
1302 1399 1521 1472 Festus
1546 1405 1636 1471 ait
1660 1456 1680 1481 ,
1705 1409 2023 1496 pancarpiae
2048 1404 2324 1473 dicuntur
2349 1427 2580 1482 corona,
2609 1430 2686 1474 ex
2703 1411 2864 1476 vario
2877 1400 3087 1498 genere
3101 1408 3234 1496 flo-

563 1537 600 1576 -‚‹
616 1536 797 1594 Imm,
836 1527 968 1574 rum
976 1503 1172 1593 fabia.
1207 1501 1619 1569 Anacreonti
1638 1513 2090 1573 vocaturuiwoe
2121 1496 2573 1576 m200219zffi&*,
2605 1501 2727 1571 Sed
2752 1503 2929 1570 enim
2952 1528 3096 1572 non
3112 1525 3234 1571 oc-

520 1617 811 1696 multisflo-
842 1599 1047 1681 currit
1072 1598 1509 1677 nuncgnimo
1534 1593 1818 1694 scriptor
1840 1597 2151 1677 idoneu3‚
2190 1597 2313 1694 qui
2334 1596 2514 1669 istius
2537 1600 2744 1669 moris
2769 1597 2982 1670 fidem
3009 1598 3230 1673 faciat.

517 1700 665 1758 ribus
692 1696 820 1775 infi—
2245 1743 2256 1755 ,
2871 1752 2883 1765 ·
3192 1744 3212 1760 ·

509 1782 649 1861 3035,
944 1765 1014 1847 4.
1037 1756 1095 1830 §-
1123 1730 1268 1839 Etst
1281 1763 1444 1815 vero
1472 1732 1864 1844 consuetudo
1892 1733 2257 1816 coronandi
2265 1761 2500 1848 poetas
2523 1737 2611 1840 est
2617 1764 3065 1854 perantiqua:
3061 1741 3231 1847 satis

1077 1875 1317 1931 tamen
1351 1876 1580 1929 recens
1608 1875 1746 1929 mos
1771 1847 1889 1926 iffe
1915 1910 1935 1942 ‚
1962 1872 2041 1929 ut
2062 1847 2110 1927 a
2120 1857 2433 1960 principe
2456 1851 2699 1964 aliquis
2701 1877 2911 1963 poeta
2911 1853 3061 1963 fiac
3079 1853 3232 1936 lau-

1075 1989 1310 2045 reatus
1314 1999 1347 2055 ;
1369 1985 1448 2047 ut
1469 1971 1742 2077 quinon
1768 1957 1983 2044 multo
2009 1984 2172 2040 ante
2195 1961 2587 2045 Petrarchae
2609 1989 2911 2078 tempora
2939 1975 3231 2078 coeperit.

935 2120 1288 2194 Invehitur
1319 2120 1392 2190 in
1422 2145 1577 2189 eum
1611 2143 1876 2190 morem
1917 2114 2132 2189 Lilius
2163 2119 2504 2217 Gyraldus
2543 2122 2825 2224 dialogo
2863 2150 2891 2196 1
2923 2123 3233 2197 Historiae

836 2224 1200 2290 Poetarum
1226 2222 1294 2300 †.
1326 2218 1490 2310 'Qi
1520 2215 1746 2284 festive
1768 2215 1958 2284 addit
1977 2262 1999 2292 ,
2046 2218 2301 2286 multos
2328 2222 2558 2288 talium
2588 2246 2731 2289 non
2755 2225 2993 2293 mereri
3024 2248 3231 2293 coro-

521 2256 740 2336 †1’ag.1
760 2276 808 2330 5·
835 2339 992 2386 nam
1022 2338 1106 2407 gx
1126 2310 1371 2383 hedera
1388 2356 1412 2386 ‚
1439 2310 1547 2384 vel
1565 2311 1752 2382 lauro
1777 2338 1798 2393 3
1845 2306 1959 2379 sed
1980 2310 2189 2381 urtica
2206 2360 2228 2394 ‚
2276 2312 2431 2383 beta
2447 2363 2469 2397 ,
2497 2318 2599 2388 vel
2629 2316 2916 2388 brafficfi.

702 2415 747 2426 N

953 2484 1015 2575 5,
1045 2470 1106 2550 §.
1138 2473 1297 2542 Non
1317 2483 1550 2540 tamen
1571 2484 1730 2540 eam
1757 2456 2287 2565 conficetudinem
2312 2487 2706 2574 magnopere
2730 2461 3003 2575 culparo
3026 2526 3046 2561 ‚
3089 2494 3229 2545 mo·

1069 2572 1154 2654 db
1173 2571 1424 2682 abusus
1448 2572 1766 2680 abfuerit.
1820 2584 1956 2652 Cur
1980 2587 2161 2654 enim
2185 2603 2315 2654 non
2338 2576 2535 2687 aeque
2560 2585 2636 2656 in
2646 2572 2827 2687 poeſs
2842 2576 3083 2692 aliquis
3090 2603 3232 2690 pu-

1080 2682 1255 2767 blico
1261 2684 1447 2797 poffit
1466 2684 1824 2786 testimonio
1849 2698 2098 2782 ornari,
2113 2684 2330 2799 qurim
2352 2696 2425 2767 in
2436 2685 2846 2801 philosophia,
2865 2689 3223 2786 medicina,

1018 2853 1022 2857 -
1049 2805 1212 2904 jure
1239 2858 1259 2893 ‚
1287 2823 1436 2882 aut
1475 2794 1798 2907 theologia
1821 2813 1856 2874 ‚2
1891 2811 2065 2909 Qae
2102 2799 2490 2907 consuetudo
2526 2830 2660 2883 non
2670 2801 3015 2915 paulo-est
3037 2808 3231 2884 anti-

1079 2922 1292 3024 quior.
1712 2945 1717 2948 *
2059 2944 2064 2948 ·

932 3062 1295 3139 Praesertim
1331 3064 1405 3136 in
1427 3063 1982 3162 jurisprudentia:
2031 3064 2102 3135 in
2138 3090 2272 3163 qua
2289 3066 2396 3140 ille
2418 3067 2761 3141 Dostores
2783 3061 3047 3137 creandi
3075 3084 3226 3135 mos

837 3161 1101 3262 coepiffe
1137 3164 1429 3237 creditur
1457 3165 1628 3236 circa
1650 3186 1953 3261 tempora
1977 3161 2244 3235 Caesaris
2272 3168 2583 3240 Lotharii
2607 3165 2900 3236 Saxonis,
2954 3166 3013 3232 Is
3033 3164 3232 3231 Hen-

831 3262 978 3331 rico
1006 3292 1054 3336 v
1085 3265 1154 3333 in
1188 3266 1478 3361 imperio
1521 3258 1811 3334 succeffit
1840 3288 2019 3333 anno
2056 3268 2399 3339 clocxxv.
2455 3273 2514 3336 A
2538 3257 3029 3359 Jurisconsultis
3059 3258 3225 3333 verb

837 3381 992 3428 mos
1021 3360 1137 3430 hic
1157 3360 1350 3431 fluxit
1369 3361 1455 3432 ad
1477 3360 1900 3460 Theologos.
1957 3362 2164 3458 Apud
2194 3363 2466 3435 Graecos
2502 3382 2724 3429 tamen
2757 3360 2944 3430 initia
2967 3362 3109 3452 ejus
3131 3356 3230 3429 rei

680 3521 682 3524 ,
835 3458 1052 3554 aliqua
1073 3456 1262 3530 fuifl'e
1289 3458 1739 3530 existimantur
1763 3510 1785 3540 ,
1810 3462 1944 3550 jam
1969 3480 2127 3532 ante
2151 3486 2401 3531 annum
2428 3455 2677 3529 Christi
2700 3458 3235 3556 quadringente-

521 3560 552 3642 ’ξ
566 3560 682 3621 zib.
708 3584 728 3622 1
756 3561 819 3622 de
837 3554 1095 3627 fimum.
1146 3555 1306 3629 Hoe
1324 3558 1476 3628 inde
1501 3557 2068 3657 Middendorpius
2086 3559 2366 3640 mecam,
2392 3556 2942 3655 colligunt,quod
2965 3555 3230 3629 Basilius

525 3646 742 3744 ‘'lid“
836 3655 1122 3726 Athenis
1160 3653 1510 3754 despexisse
1550 3656 1801 3728 dicatur
1839 3659 2068 3728 omnia
2101 3653 2521 3755 profeffionis
2552 3654 2828 3754 insignia
2850 3706 2871 3737 ‚
2909 3657 3067 3753 quia
3094 3649 3228 3724 sola*

518 3747 640 3788 ''²²'‘
655 3743 815 3836 “¹2⁶7
838 3749 991 3824 esset
1024 3753 1343 3827 do<5³crinae
1381 3756 1663 3826 utilitate
1699 3779 2084 3828 contentus.
2134 3750 2299 3823 Sane
2338 3780 2424 3823 eo
2457 3774 2760 3852 tempore
2789 3753 3069 3824 Athenis
3093 3750 3229 3822 ob..

837 3849 1098 3932 tinuiffe
1127 3853 1301 3927 illud
1324 3855 1634 3927 examinis
1654 3880 1897 3953 genus,
1921 3853 2113 3955 quod
2134 3876 2317 3925 nunc
2337 3853 2743 3952 depositionem
2768 3856 3079 3928 heduorum
3098 3874 3227 3924 vo-

2973 3975 2980 3978 *
3038 3964 3218 4028 cant,
