3657 4413
775 196 1401 297 NATunA,Ac
1459 218 2347 290 consuram-zone.
2683 242 2778 314 59

378 345 533 400 cant
562 356 584 411 3
615 322 760 396 satis
792 329 884 401 est
916 356 1213 430 apertum
1241 357 1319 403 ex
1352 334 1657 403 oratione
1680 330 1975 418 funebri,
1998 358 2201 432 quam
2223 332 2592 432 Gregorius
2621 337 2771 410 Na-

375 427 992 502 zianzenus-habuit
1011 433 1081 503 in
1102 432 1367 505 laudem
1395 436 1455 503 S.
1485 430 1695 503 Basilii
1715 438 1787 503 *.
2786 429 2825 466 *
2841 437 2975 507 Pag.

244 580 273 611 Χ
440 618 443 623 .
481 550 550 634 6.
579 558 635 636 §-
672 566 816 634 Nec
830 554 1045 666 poefis
1044 554 1499 665 scribentibus
1523 558 1746 668 fitlzim
1772 560 2053 638 nominis
2063 561 2258 666 parit
2280 555 2754 637 immortalita·
2781 515 3102 655 ἶῖοζζῆἷῗζ,

609 686 751 745 tem
773 703 794 762 3
808 666 1171 774 sedetiam
1196 677 1270 749 iis
1297 733 1316 766 ‚
1345 679 1473 782 qui
1494 668 1796 776 versibus
1830 666 2276 751 celebrantur.
2791 697 2813 736 ι
2828 689 2971 745 609·

471 799 576 871 Sic
621 801 921 897 Synefius
957 803 1141 903 epist.
1196 831 1410 887 xmx,
1455 808 1828 878 Hieronem
1871 805 1909 877 i
1957 802 2303 878 Simonide
2346 805 2434 875 ait
2488 801 2764 900 posteris

376 898 921 979 commendatum
954 934 971 974 ε
1009 930 1084 975 ac
1118 907 1570 975 Anthemium
1611 906 1903 976 similiter
1936 903 2198 1003 semper
2236 902 2643 975 celebratum
2682 903 2766 973 iri

372 996 706 1069 beneficio
737 1002 1080 1083 carminis,
1109 1003 1304 1100 quod
1339 1003 1585 1075 honori
1605 1010 1748 1094 ejus
1768 1000 2097 1102 scripserat
2121 1003 2552 1075 Theotimus.
2588 999 2763 1071 Sub-

315 1143 322 1153 ·
369 1097 514 1189 jicit
543 1092 786 1168 deinde
827 1097 1002 1169 hanc
1048 1096 1446 1172 sententiam
1479 1136 1496 1175 ς
1528 1109 1774 1182 Ποιηπκξῖ
1793 1099 2195 1182 ιβ’έᾶὶυκένόθεὸς
2219 1100 2536 1179 ‚amaad
2563 1097 2754 1162 viuioc'
2788 1091 2911 1167 †⁰1·
2933 1091 3062 1196 {3²³

370 1209 569 1253 nauu-
608 1201 848 1268 Po‘e‘ticae
870 1197 1002 1291 tstrc
1019 1215 1168 1272 Deus
1192 1206 1451 1294 concfft
1464 1251 1486 1285 ‚
1528 1222 1601 1275 ut
1627 1207 1871 1273 nominis
1893 1204 2162 1272 honorem
2192 1201 2477 1296 dtspenset.
2783 1184 3054 1254 aptarem.

476 1343 554 1416 7.
586 1330 644 1410 §.
685 1324 845 1432 Qis
871 1318 1039 1401 verb
1053 1310 1318 1431 ign'o‘rat
1341 1385 1361 1419 ,
1410 1325 1771 1434 nonsolzim
1793 1319 1988 1403 laude
2008 1320 2237 1430 dtgnos
2262 1383 2283 1418 ,
2293 1321 2648 1431 sedetiam
2671 1321 2758 1405 est

603 1429 909 1542 indtgnos
935 1494 955 1529 ‚
997 1434 1130 1538 effe
1152 1435 1363 1518 laudm
1399 1436 1641 1518 avidos
1663 1458 1699 1516 ,³
1737 1453 1966 1551 Qare
2003 1432 2155 1514 licet
2187 1433 2761 1548 pocstspraecipub

600 1540 872 1625 laudem
893 1574 1243 1629 mereatur
1271 1611 1292 1644 ,
1334 1550 1530 1664 qubd
1526 1574 1774 1661 purget
1800 1558 2118 1630 animum
2147 1555 2336 1628 vitiu
2367 1608 2387 1643 ‚
2429 1575 2514 1627 ac
2539 1557 2761 1630 virtu-

607 1678 747 1732 tem
780 1684 939 1734 cum
962 1659 1305 1765 voluptate
1331 1659 1671 1741 mentibus
1700 1660 2005 1760 instiffet:
2043 1688 2174 1740 non
2199 1658 2347 1740 leve
2369 1683 2602 1740 tamen
2621 1690 2765 1741 mo-

605 1791 920 1847 mentum
949 1828 970 1861 ,
1010 1768 1116 1846 ad
1100 1766 1411 1870 studium
1435 1768 1551 1850 hoc
1574 1768 2029 1850 honorandum
2059 1828 2081 1860 ‚
2110 1770 2335 1848 attulit
2357 1779 2602 1848 innata
2625 1802 2764 1850 om·
2869 1806 2874 1811 ·

607 1874 809 1960 nibus
828 1876 1041 1957 laudis
1067 1874 1317 1992 cupido.
1369 1898 1625 1995 Itaque
1646 1879 1820 1962 nihil
1819 1876 2218 1961 mirandum
2243 1939 2264 1974 ,
2296 1877 2367 1985 fi
2385 1882 2633 1961 cunblis
2645 1878 2763 1993 pe-

603 1992 696 2071 ηὲ
730 1990 1053 2100 gentibus
1100 2017 1290 2075 tanto
1326 1994 1678 2076 inhonore
1703 1996 2206 2104 fuerintpoetae
2230 2027 2267 2088 3.
2294 1991 2488 2103 apud
2499 2005 2766 2076 Graecos

601 2110 935 2213 inprimis.

466 2238 902 2332 Argumento
929 2231 1023 2304 est
1042 2285 1067 2317 ,η
1103 2235 1299 2333 quod
1334 2237 1621 2307 Phalaris
1655 2228 1791 2330 ipse
1824 2232 2201 2309 Stefichoro
2245 2257 2529 2308 mortuo
2550 2283 2573 2318 ,
2607 2235 2762 2334 qui-

367 2358 522 2407 cum
546 2336 702 2405 vivo
739 2330 832 2398 illi
857 2328 1073 2404 fuerat
1101 2334 1412 2416 simultas,
1435 2334 1763 2430 templum
1789 2332 2037 2427 jusserit
2064 2332 2330 2408 exstrui.
2361 2332 2576 2432 Quod
2596 2337 2761 2405 item
2863 2421 2866 2424 A

364 2430 746 2508 Alexander
771 2435 1066 2527 Magnus
1103 2435 1279 2504 tanti
1319 2431 1546 2505 fecerit
1588 2434 1976 2504 Homerum
1999 2481 2021 2516 ,
2060 2457 2133 2504 ut
2153 2437 2291 2525 ejus
2312 2433 2508 2502 Iliada
2533 2485 2552 2511 ,
2587 2430 2764 2502 divi-

363 2556 529 2603 num
554 2531 797 2626 poema
815 2576 837 2609 ,
876 2539 941 2600 &
969 2532 1064 2601 rei
1088 2534 1384 2603 militaris
1412 2531 1725 2604 viaticum
1750 2578 1771 2611 ,
1814 2551 2087 2600 vocaret
2115 2557 2132 2598 ε
2175 2528 2321 2597 imo
2351 2523 2663 2599 scriniolo
2687 2553 2766 2598 ex
2883 2561 2886 2562 ⁷

363 2625 559 2701 Da'rii
583 2626 1026 2695 Codomanni
1060 2625 1326 2725 spoliis,
1370 2654 1540 2698 auro
1565 2621 1979 2723 gemmisque
2007 2624 2463 2720 pretiosrffimo
2485 2679 2506 2707 ‚
2552 2622 2768 2696 adser-

367 2747 601 2805 varet3
638 2722 852 2791 noftu
896 2725 1180 2815 pulvino
1222 2723 1353 2792 uni
1392 2748 1543 2794 cum
1580 2724 1886 2821 pugione
1928 2719 2326 2816 subjiceret,
2371 2749 2527 2795 cum
2551 2749 2635 2814 eo
2660 2725 2766 2798 vi-

367 2821 628 2924 gilaret,
665 2841 816 2885 curn
848 2842 932 2886 eo
958 2819 1305 2890 dormiret.
1357 2819 1577 2919 Qod
1601 2822 1787 2904 item,
1814 2822 2484 2893 Lacedaemoniorum
2507 2818 2766 2893 secutus

367 2917 751 3014 exemplum
774 2971 793 2997 ,
837 2916 988 2986 cum
1014 2917 1286 3015 Thebas
1312 2918 1666 3017 diriperet,
1700 2917 1950 2990 aedibus
1973 2920 2230 2990 Pindari
2259 2919 2663 3015 pepercerit3
2690 2939 2765 2988 ut

364 3018 641 3092 testatur
663 3013 908 3085 Plinius
938 3014 1051 3084 lib.
1088 3042 1161 3088 v1
1178 3041 1231 3085 1.
1255 3042 1390 3114 cap.
1412 3044 1499 3088 xx
1518 3044 1619 3089 1x.
1667 3017 1992 3113 Idemque
2012 3064 2033 3096 ,
2065 3036 2140 3086 ut
2161 3017 2762 3088 indicat'Horatius

365 3119 487 3191 lib.
518 3143 579 3189 1.
617 3113 803 3211 epist.
847 3138 873 3183 1
907 3161 926 3192 ,
968 3112 1343 3210 Choerilum
1371 3119 1644 3211 poetam
1667 3163 1689 3196 ,
1729 3113 2039 3211 quamvis
2057 3113 2471 3213 ignobilem,
2495 3117 2566 3184 in
2591 3113 2765 3185 deli-·

367 3219 485 3287 ciis
512 3215 809 3285 haberet.
867 3215 1052 3306 Qin
1086 3210 1299 3309 ipsum
1327 3214 1669 3308 Apollinis
1692 3213 2038 3282 oraculum
2061 3265 2082 3292 ‚
2122 3235 2194 3283 ut
2220 3214 2443 3309 inquit
2463 3216 2755 3284 Incertus

367 3312 547 3407 apud
568 3310 946 3391 Eusebium,
969 3341 1005 3369 a
1026 3310 1199 3381 unde
1219 3311 1433 3379 multa
1459 3312 1825 3405 depromit,
1842 3310 2228 3407 Euripidem
2244 3309 2549 3380 laudibus
2564 3332 2749 3382 extu-
2772 3339 2803 3368 v
2817 3346 2931 3404 Lib.
2963 3367 2991 3415 5

366 3408 481 3491 lit;
518 3416 582 3478 δε
606 3411 916 3478 Archiam
936 3457 960 3491 ,
985 3408 1182 3507 quod
1207 3406 1689 3488 Archilochum
1711 3413 1981 3506 po'e'tam
2001 3402 2452 3488 interemisset,
2473 3405 2556 3479 dc
2581 3431 2748 3480 tem·
2774 3433 3044 3502 Prapara-

369 3507 490 3605 plo
516 3505 683 3574 exire
703 3499 915 3599 juffit(
953 3509 1040 3578 Et
1068 3503 1220 3584 fitne
1237 3557 1261 3591 ,
1290 3501 1422 3576 ‘nisi
1446 3505 1621 3602 apud
1650 3528 1877 3605 gentes
1903 3509 1973 3577 in
1998 3504 2266 3579 honore
2286 3503 2550 3578 fuiffcnt
2579 3513 2743 3606 poe]-
2772 3511 3069 3599 timisssu‘

292 3653 299 3660 -
370 3626 488 3683 tx,
517 3625 660 3671 non
680 3600 1068 3675 testimoniis
1095 3613 1450 3704 poetarum
1476 3605 1871 3676 Graecorum
1890 3654 1913 3686 ‚
1933 3607 2124 3677 Arati
2139 3655 2161 3689 ‚
2182 3604 2565 3689 Menandri,
2585 3607 2745 3703 Epi·
2769 3587 3007 3664 angelaca

367 3699 685 3781 menidis‚
710 3697 858 3772 usus
878 3697 1091 3773 fuisset
1114 3703 1479 3804 Apostolus
1504 3706 1801 3797 Astngr
1818 3728 1847 3773 1
1871 3753 1895 3787 ‚
1928 3713 1995 3778 &
2026 3729 2057 3777 1
2084 3706 2247 3777 Cor.
2272 3731 2357 3780 xv
2375 3752 2398 3789 ,
2420 3710 2488 3779 &
2507 3706 2648 3776 Tit.
2683 3726 2746 3777 1.
2769 3687 2882 3752 “⁸1'‘
2909 3689 2932 3735 ³
2950 3687 2999 3733 ³⁶

476 3832 546 3913 8.
566 3894 571 3898 .
589 3848 651 3926 §·
677 3822 1047 3937 Aliquando
1065 3829 1295 3934 tanien
1303 3839 1571 3948 poetica
1596 3891 1621 3933 ,
1673 3825 1871 3944 apud
1875 3841 2203 3918 Romanos
2222 3829 2385 3945 ipſsoes
2411 3886 2436 3927 ,
2473 3827 2653 3912 nudo
2673 3833 2750 3906 in

588 3946 810 4052 pretio
811 3937 981 4050 fuit.
1046 4019 1051 4022 Α
1847 4040 1857 4051 .

1719 4055 1799 4150 H
1852 4075 1897 4138 a
2089 4133 2096 4147 ‚
2498 4047 2759 4126 Αιιᾶοι
