3657 4413
872 202 992 287 '74
1354 193 1529 262 Dss‘
1631 212 2054 264 Aurts
2157 188 2830 261 PoErr1cAE

879 303 994 376 sed
1031 327 1102 375 ut
1125 303 1205 375 de
1233 305 1677 400 Hippocrene
1693 305 1761 377 id
1783 304 2040 377 constat
2062 357 2081 388 ,
2126 310 2217 375 ita
2237 312 2303 376 &
2324 303 2407 373 de
2430 303 2663 371 Pirene
2679 302 2751 370 in
2769 299 3275 381 Acrocorintho

887 403 1070 475 idem
1097 403 1444 474 tradidere.
1499 405 1689 474 Hinc
1715 407 1958 474 Statius
1979 403 2322 502 in'quarto
2347 398 2784 471 Thebaidos:
2865 469 2870 474 .

1089 519 1153 574 1t
1174 527 1358 572 comes
1378 516 1541 573 Inoas
1559 507 1772 603 Ephyre
1779 504 1978 593 βίαια
2006 508 2290 597 querelas,

1088 603 1513 693 ‘Cenchreaeque
1537 625 1738 679 manus
1752 635 1770 670 .·
1795 624 2000 673 vatum
2022 601 2138 695 qui
2160 600 2401 690 conscius
2422 607 2613 669 amnis

1091 713 1392 791 Gorgoneo
1404 701 1685 790 percuffus
1717 726 1860 793 equo
1879 732 1896 770 .-
1921 724 2150 793 quaque
2177 700 2407 794 objacet
2423 700 2550 767 alto

1030 809 1037 814 ’
1084 796 1324 890 Isthmos
1343 843 1362 881 ‚
1395 799 1469 873 ά*
1492 794 1531 866 ἃ
1553 808 1722 867 terris
1743 803 1935 869 maria
1953 804 2237 869 inclinata
2255 800 2491 887 repellit.
2751 884 2754 887 Ἴ

883 891 1032 966 ubi
1069 918 1215 962 non
1251 887 1594 990 possumus
1630 895 1833 963 alium
1863 896 2231 992 intelligere
2256 891 2521 961 fontem
2545 940 2566 972 ,
2604 889 2809 987 quam
2835 891 3153 977 Pirenen3
3201 913 3279 963 ut

882 990 1183 1062 ostendit
1205 1045 1222 1070 ,
1258 989 1451 1088 quod
1477 1018 1630 1061 eum
1652 993 1723 1061 in
1757 991 2003 1063 isthmo
2030 994 2322 1063 collocat
2345 990 2816 1071 Corinthiaco.
2872 997 3096 1087 Quare
3121 987 3281 1088 spis-

885 1087 990 1159 sus
1025 1086 1119 1158 est
1141 1090 1338 1160 etiam
1375 1114 1563 1160 error
1584 1094 1912 1163 Lafiantii
1937 1093 2308 1188 interpretis
2330 1139 2351 1171 ,
2387 1083 2726 1159 scribentis
2751 1085 3132 1160 sermonem
3155 1088 3279 1160 effe

841 1202 853 1216 “
878 1189 969 1258 de
998 1189 1453 1285 Hippocrene.
1488 1192 1598 1260 De
1622 1193 1858 1260 Pirene
1881 1212 2102 1260 autem
2129 1212 2489 1284 utrumque
2512 1211 2744 1257 verum
2767 1187 3035 1268 est,tum
3057 1186 3278 1259 facere

887 1311 1043 1357 eum
1086 1310 1309 1367 vates,
1360 1287 1538 1358 unde
1585 1291 1823 1368 Statius
1858 1287 1969 1359 hic
2006 1287 2277 1360 fontem
2321 1312 2475 1356 eum
2498 1309 2697 1358 vocat
2725 1309 2931 1361 vatum
2954 1291 3276 1378 conscium:

881 1406 1029 1455 tum
1052 1382 1347 1481 percuffu
1378 1384 1596 1483 Pegafi
1617 1383 1738 1456 effe
1761 1385 2041 1456 effusum
2069 1434 2087 1462 ‚
2126 1386 2306 1456 unde
2329 1384 2505 1454 idem
2532 1381 2795 1464 subdit,
2822 1400 3115 1477 Gorgoneo
3135 1407 3282 1478 per-

876 1485 1053 1573 cuffus
1075 1490 1240 1574 eq'uo.
1294 1485 1561 1551 Dixeris
1584 1531 1603 1561 ,
1640 1507 1786 1551 non
1807 1482 1854 1552 si
1881 1480 2111 1573 falsum
2141 1482 2217 1553 fit
2247 1482 2327 1552 de
2351 1485 2700 1577 Aganippe
2724 1509 2743 1565 3
2776 1507 2858 1550 eo
2880 1479 3115 1550 falsum
3136 1482 3279 1552 hoc

884 1578 1048 1658 effe,
1091 1579 1396 1648 Solinum
1432 1577 1770 1649 credidisse
1799 1581 2001 1663 illud,
2040 1581 2229 1679 quod
2266 1575 2496 1650 dixiffe
2535 1604 2691 1661 eum
2719 1577 2952 1649 dicunt
2979 1579 3280 1661 DelriuS,

883 1672 1358 1758 casaubonus,
1392 1698 1459 1746 at
1518 1702 1600 1746 ue
1624 1676 1731 1747 alii
1760 1704 2010 1776 magno
2037 1674 2355 1749 numero.
2410 1676 2752 1773 Equidem
2775 1673 3275 1757 subscriberem,

888 1773 936 1844 si
961 1801 1034 1845 ea
1073 1772 1380 1844 constans
1404 1703 1559 1846 esset
1582 1776 1789 1847 lectio
1814 1778 1886 1845 in
1906 1778 2105 1848 codd.
2134 1777 2390 1849 cunctis
2412 1776 2641 1846 Solini.
2686 1777 2903 1872 Atqui
2923 1776 2977 1845 is
3000 1779 3068 1844 in
3092 1778 3280 1872 prio-

883 1875 943 1943 ri
971 1874 1272 1945 editione
1308 1871 1393 1943 fic
1429 1873 1814 1971 prodiderat
1849 1878 2130 1967 :Incenfic
2164 1877 2243 1970 est
2278 1879 2513 1946 licentia
2545 1895 2865 1967 poetarum
2900 1919 2923 1952 ‚
2958 1893 3027 1943 ut
3046 1880 3277 1966 pariter

882 1994 1205 2065 utrumque
1237 1978 1558 2067 vulgarem(
1573 2001 1596 2042 .-
1618 1973 1854 2065 stilicet
1876 2021 1895 2053 ,
1937 1973 2093 2067 qubd
2105 1998 2301 2045 eorum
2326 1976 2485 2043 alter
2498 1976 2656 2042 alitis
2676 1978 2807 2065 equi
2828 1971 3281 2064 uirguldfidlici-

881 2074 1214 2164 tatusforet
1238 2098 1256 2153 ;
1289 2077 1445 2142 alter
1458 2094 1627 2166 potus
1633 2070 1930 2164 facundia*
1948 2080 2182 2145 animas
2197 2079 2493 2167 irrigaret.
2544 2069 2777 2165 Qam
2804 2064 3141 2141 manifeste
3163 2068 3276 2137 hic

805 2203 832 2231 ··
881 2166 1267 2264 distinguit!
1312 2174 1388 2237 In
1409 2168 1768 2263 posteriori
1805 2169 1969 2243 vero
2007 2170 2093 2242 'fic
2116 2172 2404 2251 maluit„
2436 2189 2511 2240 ut
2530 2168 2734 2240 editio
2766 2164 3149 2242 Salmasiana
3170 2191 3277 2236 re-

874 2259 1323 2360 praesentavit:
1362 2278 1434 2333 Vt
1466 2266 1788 2357 utrumque
1812 2276 2054 2358 pariter·
2068 2273 2528 2358 difflminaretur
2547 2319 2566 2343 ,
2610 2272 2687 2344 ἐφ’
2708 2263 2868 2358 ᾳαὸά
2889 2288 3096 2358 aperta
3108 2267 3280 2354 for'et

871 2365 1039 2432 alitis
1063 2364 1198 2453 equi
1223 2359 1445 2452 anguli
1469 2413 1487 2440 ,
1527 2364 1604 2440 (φ
1636 2358 1798 2453 ᾳαὸά
1811 2369 1941 2454 poti
1962 2368 2387 2457 inspirationem
2406 2364 2686 2451 facerent
2703 2368 3036 2432 literariam
3055 2413 3073 2432 .
3129 2361 3276 2432 Ubi

880 2484 1006 2555 pro
1030 2476 1240 2552 aperta
1278 2459 1506 2527 malim
1529 2479 1760 2553 apertus
1777 2508 1799 2540 ,
1830 2454 2060 2555 suppl-e
2078 2457 2232 2530 fons
2257 2460 2702 2555 Hippocrene
2726 2485 2744 2527 ε
2781 2459 2937 2529 cum
2961 2458 3130 2532 vero
3143 2464 3280 2556 poti

877 2555 1178 2655 sequitur
1201 2604 1222 2637 ,
1262 2557 1342 2627 ad
1363 2553 1853 2653 Hippocrenen
1878 2610 1896 2636 ,
1922 2566 1989 2628 &
2010 2558 2412 2656 Aganippea
2434 2609 2455 2635 ,
2484 2553 2937 2627 referendum.
2997 2560 3275 2656 Hippo-

876 2680 1078 2726 crene
1103 2657 1307 2752 igitur
1330 2703 1351 2735 ,
1380 2663 1448 2725 δε
1468 2656 1825 2753 Aganippe
1846 2705 1867 2737 ,
1891 2653 2148 2726 faciunt
2178 2677 2439 2752 poetas:
2465 2675 2539 2724 ut
2559 2654 2672 2738 hic
2697 2656 2967 2727 Solinus
2990 2662 3130 2748 jure
3160 2658 3274 2727 ait:

879 2778 955 2824 ac
980 2774 1286 2849 praeterea
1307 2754 1374 2821 id
1398 2750 1556 2823 facit
1580 2755 1832 2842 Pirene3
1858 2755 2114 2836 Solino,
2137 2777 2211 2825 ut
2232 2753 2529 2827 vidimus
2551 2752 2922 2826 attestante.
2973 2765 3065 2825 At
3090 2762 3273 2854 Aga-

880 2853 1133 2947 nippen
1167 2848 1389 2949 Pegasi
1411 2847 1665 2949 ungula
1680 2846 1800 2921 effe
1827 2874 2132 2949 apertum
2156 2901 2183 2934 ,
2215 2877 2357 2924 non
2381 2853 2541 2924 dicit
2569 2853 2832 2925 Solinus
2855 2881 2876 2938 ς
2914 2879 3035 2925 nec
3054 2855 3275 2927 dicere

878 2950 1135 3022 debuit.

891 3095 902 3105 ⁶
980 3101 1048 3181 8.
1079 3112 1133 3188 §·
1177 3094 1724 3194 Adbaecfinxcre
1747 3099 2043 3213 aliquem
2043 3098 2215 3207 fieri
2224 3123 2497 3213 poetam
2523 3162 2542 3194 ,
2569 3107 2692 3214 qui
2709 3108 2785 3182 in
2803 3111 2877 3179 H
2879 3093 3120 3177 clicone
3133 3115 3272 3204 pa-

1097 3212 1319 3319 sceret
1335 3235 1577 3322 pecus,
1607 3210 1732 3292 vel
1738 3222 1811 3291 in
1836 3211 2548 3320 Parnafflfhmniaret.

918 3361 925 3370 “
976 3357 1092 3424 De
1116 3357 1452 3434 Parnaflo‚
1476 3363 1543 3428 &
1620 3355 1753 3425 uod
1772 3375 1976 3425 antea
2001 3355 2085 3427 de
2104 3356 2888 3456 Hippocrene-diximu5‚
2910 3352 3272 3449 conjunxit

872 3451 1121 3524 Pe-rfius
1142 3452 1213 3520 in
1251 3454 1543 3549 'prologo
1598 3477 1962 3552 atyrarum:
2325 3455 2330 3460 ’
2449 3490 2456 3497 ·

1075 3564 1204 3623 Nec
1210 3554 1390 3642 fimte
1410 3555 1575 3623 labra
1585 3556 1775 3642 prolui
1798 3555 2102 3625 Cabauino
2121 3607 2140 3632 ‚
2173 3608 2178 3611 .
2208 3618 2214 3624 .
2303 3629 2308 3635 ,
2399 3571 2403 3582 ·

1073 3664 1202 3720 Nec
1227 3656 1287 3719 in
1319 3653 1541 3744 bicipiti
1547 3650 1849 3742 ftmm'dffi
1867 3654 2133 3743 ParnaJJb
2148 3700 2167 3731 ,

970 3813 977 3818 ,
1042 3817 1049 3823 ,
1072 3753 1351 3826 Memini,
1376 3750 1790 3842 ut'repentefic
1804 3772 1980 3846 pqeta
1999 3753 2312 3844 prodirem.
2506 3824 2510 3828 .

956 3844 1074 3929 ,Eo
1107 3868 1325 3916 autem
1362 3844 1612 3929 allusit,
1656 3845 1847 3945 q'uod
1874 3849 2130 3917 Ennius
2168 3849 2237 3915 in
2259 3845 2480 3943 primo
2520 3850 2888 3923 Annalium
2914 3849 3263 3936 cecinerat,

869 3944 996 4032 sibi
1021 3949 1091 4018 in
1120 3941 1425 4020 Parnass‘o
1454 3945 1824 4021 dormienti
1861 3942 2070 4025 visum
2102 3946 2173 4018 in
2204 3941 2456 4019 somnis
2493 3950 2919 4024 Homerum:
2953 3967 3157 4048 atque
3186 3971 3267 4016 ex

2169 4068 2176 4074 ·
2795 4071 2822 4084 *-
3180 4068 3266 4114 eo
