3657 4413
848 190 1006 273 *60
1410 175 2815 258 Dnanr21s1³0zvr1cae

1005 294 1264 366 Auftor
1288 287 1487 359 nobis
1511 287 1688 358 Cato
1715 282 2071 361 Censorius
2087 294 2377 363 carmine
2403 293 2484 366 de
2500 290 3023 382 Moribus3unde
3047 295 3190 369 haec
3216 289 3333 371 A-’
3382 370 3385 374 .

909 392 1142 492 gellius
1165 391 1217 445 *
1253 388 1557 459 adducit:
1594 388 1838 458 poetici
1858 385 2003 460 artis
2025 393 2196 463 honos
2229 418 2340 464 non
2363 392 2512 466 erat'.
2559 399 2726 489 Siqui
2755 400 2820 467 in
2851 423 2917 468 ea
2938 422 3000 468 re
3013 397 3306 492 studebat,

906 492 1144 583 autfist’
1171 493 1251 561 ad
1289 490 1561 581 conviviaef
1595 488 1969 581 applicabat,
1997 492 2286 584 graffiaetor
2321 495 2659 566 vocabatur.
2716 494 2862 564 Ubi
2896 498 3193 590 grassator
3228 489 3318 564 est

909 589 1253 670 adulator,
1293 596 1360 660 &
1400 583 1728 683 parasitus,
1780 587 1963 654 Nam
1990 636 2010 668 ‚
2050 610 2124 659 ut
2158 586 2382 659 Festus
2425 593 2566 673 ait,
2595 592 2837 686 graffizri
2865 600 3109 686 antiqui
3135 617 3318 687 pone-

909 693 1052 762 bant
1067 713 1173 786 pro
1196 690 1682 781 adulari.1taque
1711 691 1773 754 &
1802 681 1839 752 εἰ
1872 686 2135 756 Catone
2155 687 2221 757 id
2243 694 2484 760 Marco
2511 693 2751 761 Fulvio
2783 691 3137 761 Nobiliori
3158 715 3319 787 pro-

911 786 1039 859 bro
1063 784 1315 859 versum
1350 783 1477 854 fuit
1503 831 1525 863 ,
1563 781 1752 879 quod
1781 779 2035 855 Co'nsul
2066 782 2284 856 secu‘rn
2313 790 2612 859 Ennium
2643 790 2711 858 in
2737 789 3160 885 provinciam
3190 788 3318 858 du-

909 908 1124 958 ceret:
1153 907 1228 955 ut
1256 883 1349 955 est
1376 883 1549 978 apud
1571 884 1973 952 Ciceronem
1994 880 2272 957 Tuscul.
2298 910 2355 971 12
2379 888 2602 961 Verba
2629 891 2975 958 Ciceronis
2999 883 3170 957 sunt:
3189 901 3316 958 Ho-
3357 918 3360 919 ⁷

907 1011 1106 1059 norem
1129 989 1265 1057 huic
1282 987 1488 1078 generi
1525 982 1889 1077 (poeticae)
1930 985 2221 1075 nonfuiſje
2245 1039 2264 1065 ,
2307 990 2568 1058 declarat
2592 993 2776 1059 oratio
2808 997 3082 1068 Catonis3
3115 993 3175 1057 in
3199 1007 3316 1078 qua

838 1088 843 1091 ’
908 1087 1115 1182 objecit
1136 1133 1155 1165 ‚
1188 1105 1259 1154 ut
1281 1086 1567 1182 probrum
1591 1130 1609 1160 ‚
1658 1079 1816 1174 qubd
1858 1091 1902 1150 is
1937 1088 2002 1153 in
2014 1090 2372 1178 provinciam
2388 1106 2589 1181 poetas
2609 1088 2848 1178 duxzffit
2878 1116 2896 1155 .·
2936 1089 3189 1155 duxerat
3203 1107 3336 1159 ιαμ.

909 1203 1035 1256 tem
1079 1188 1142 1254 in
1178 1189 1470 1269 ffAEcoliam
1517 1183 1716 1273 confit!
1746 1184 1841 1249 ille
1887 1229 1908 1260 ‚
1949 1203 2019 1252 ut
2040 1182 2294 1273 stimate,
2346 1190 2620 1258 Ennium.
2669 1188 2827 1280 Jure
2866 1180 3033 1253 vero
3083 1181 3313 1277 aliquis
3409 1263 3430 1269 ,

907 1285 1191 1353 miretur
1223 1330 1247 1363 ‚
1305 1306 1437 1379 qua
1478 1274 1707 1351 fronte
1737 1280 1932 1349 Cato
1956 1278 2090 1350 hoc
2124 1283 2293 1356 vitio
2325 1289 2593 1355 verterit
2634 1282 2871 1353 Fulvio
2929 1278 3311 1358 Nobiliori,
3474 1294 3480 1302 '

910 1383 1028 1479 qui
1060 1376 1188 1475 ipse
1211 1402 1406 1450 antea
1431 1432 1449 1459 ,
1497 1399 1738 1475 praetor
1761 1378 1831 1446 in
1864 1378 2226 1448 Sardiniam
2264 1377 2491 1452 missus
2520 1431 2541 1463 ‚
2582 1377 2851 1476 eumpse
2885 1382 3180 1448 Ennium
3214 1370 3314 1444 as·-

903 1475 1224 1552 sumserit.
1276 1481 1376 1548 Sic
1410 1481 1587 1546 enim
1612 1475 1695 1544 de
1717 1502 1797 1544 eo
1823 1470 2051 1544 scribit
2076 1480 2302 1547 Sextus
2325 1480 2637 1549 Aurelius
2663 1482 2904 1550 vietor
2925 1525 2949 1557 ‚
2976 1475 3103 1548 five
3127 1468 3318 1570 quis-

904 1576 1052 1675 q'uis
1077 1571 1355 1671 scriptor
1384 1574 1491 1640 ille
1511 1574 1594 1642 de
1624 1574 1777 1647 viris
1801 1568 2185 1654 illustribus,
2209 1593 2355 1673 cap.
2378 1600 2564 1649 val
2580 1602 2635 1646 1:
2655 1589 2885 1649 Marcus
2906 1579 3131 1645 Porcius
3156 1588 3311 1643 Cato

897 1683 963 1747 in
988 1674 1243 1747 Pratum
1271 1674 1606 1744 Sardiniam
1590 1672 1876 1767 fiebegit:
1913 1673 2010 1742 ubi
2036 1675 2112 1743 ab
2133 1680 2316 1746 Ennio
2332 1687 2532 1747 Grecis
2550 1680 2732 1746 literis
2750 1675 3069 1769 institutus.
3116 1672 3311 1740 Con-

897 1771 1189 1844 feramus
1234 1768 1388 1840 cum
1431 1767 1564 1839 istis
1595 1824 1614 1851 ,
1653 1795 1800 1866 quae
1840 1768 1923 1840 de
1960 1771 2274 1855 Catone,
2314 1774 2719 1871 Ennioque‚
2760 1775 2831 1842 in
2864 1771 3143 1841 Catonis
3174 1770 3312 1843 vita

898 1869 1120 1943 scribit
1171 1869 1532 1940 Cornelius
1570 1871 1816 1962 Nepos
1848 1897 1864 1938 ι
1905 1884 2124 1939 Praetor
2142 1874 2508 1965 provinciam
2534 1875 2786 1943 obtinuit
2814 1872 3186 1968 ⁴§jardint'am3
3231 1891 3309 1935 ex

894 1998 1037 2068 qua,
1069 1969 1315 2068 Qaestor
1333 1968 1617 2062 steperiori
1649 1988 1913 2057 tempore
1936 1992 2012 2040 ex
2029 1969 2227 2060 Afi‘ica
2248 1971 2534 2050 decedens,
2554 1973 2870 2066 Qinetum
2894 1971 3140 2036 Ennium
3163 1980 3309 2037 Poe-

832 2112 834 2115 v
898 2093 1031 2142 tam
1049 2072 1387 2140 deduxerat:
1416 2069 1572 2159 quod
1589 2092 1703 2137 non
1726 2071 1957 2151 minoris
1977 2066 2332 2160 aestimamus,
2357 2064 2538 2161 quaint
2561 2068 2874 2161 quemlibet
2896 2066 3310 2157 ampliffimum

901 2167 1323 2253 Sardiniensem
1347 2169 1734 2253 triumphum.
1787 2161 2140 2248 VidemuS,
2169 2168 2387 2261 aperte
2416 2164 2530 2236 hic
2552 2166 2704 2245 dici,
2734 2159 3125 2262 quaestorem
3147 2153 3309 2230 fuis-

904 2260 964 2331 se
992 2309 1012 2340 ,
1042 2257 1195 2326 cum
1222 2255 1585 2323 abduceret
1607 2258 1903 2323 Ennium
1930 2258 1967 2324 ὲ
1989 2263 2281 2328 Sardinia
2303 2292 2321 2329 :
2344 2262 2569 2354 postea
2596 2264 2836 2331 eodem
2863 2258 3121 2357 rediisse
3144 2282 3308 2351 prae-

905 2380 1149 2428 torem.
1195 2356 1307 2423 De
1331 2355 1581 2420 comite
1599 2346 1888 2420 affumto
1918 2372 2067 2423 tum
2098 2357 2563 2434 Enni0,altum
2586 2356 2918 2425 silentium
2948 2354 3059 2423 est.
3096 2358 3310 2422 Nunc

911 2451 1338 2551 temporibus
1370 2449 1509 2520 haec
1547 2447 2046 2548 distinguamus·
2099 2454 2276 2521 Cato
2317 2448 2438 2520 sub
2472 2460 2544 2523 P.
2588 2453 2917 2544 Cornelio
2960 2451 3308 2548 Scipione,

913 2547 1357 2653 proconsule,
1395 2551 1511 2645 qui
1549 2543 1774 2645 postea
1811 2549 2023 2620 dietus
2054 2546 2146 2618 est
2179 2546 2532 2621 Africanus
2569 2603 2589 2635 ‚
2641 2549 2926 2648 quaestor
2967 2551 3038 2620 in
3080 2547 3306 2620 Africa

890 2649 1066 2731 fui't,
1088 2674 1270 2718 anno
1290 2648 1501 2717 Urbis
1529 2653 1668 2719 1011
1680 2667 1701 2728 ⁴,
1732 2650 1832 2717 M.
1859 2649 2180 2718 Cornelio
2204 2648 2533 2747 Cethego,
2555 2660 2619 2724 δι
2639 2656 2709 2720 Ρ.
2735 2655 2882 2720 Sem
2934 2651 3129 2719 ronio
3150 2650 3305 2718 Tu-

913 2751 1151 2820 ditano
1189 2739 1344 2814 coff.
1388 2747 1706 2840 Cumque
1727 2768 1874 2812 non
1897 2747 2113 2841 poffet
2136 2745 2285 2817 satis
2305 2753 2665 2819 convenire
2695 2775 2850 2819 cum
2898 2775 2987 2819 uo
3009 2770 3305 2845 procon-

913 2845 1049 2920 sule
1071 2895 1092 2928 ,
1131 2845 1310 2915 exitu
1343 2841 1499 2912 anni
1527 2867 1604 2912 ex
1634 2836 1860 2910 Africa
1882 2867 1998 2937 per
2018 2845 2375 2915 Sardiniam
2404 2849 2601 2918 rediit
2621 2851 2918 2918 Romam
2945 2875 2962 2918 ε
2991 2873 3064 2916 ac
3090 2868 3233 2915 tum
3262 2841 3301 2914 ὲ

913 2944 1208 3017 Sardinia
1229 2944 1522 3012 Romam
1549 2937 1841 3010 traduxit
1857 2942 2147 3010 Ennium
2173 2975 2189 3014 ε
2230 2944 2349 3039 qui
2374 2947 2614 3017 exinde
2634 2948 2704 3016 in
2727 2948 3071 3016 Aventino
3096 2967 3303 3011 mon..

908 3067 978 3115 te
1014 3042 1343 3113 habitavit
1383 3064 1585 3137 parco
1615 3033 1836 3109 sumtu
1869 3061 2222 3111 contentus
2246 3089 2268 3121 ,
2307 3050 2374 3112 &
2402 3046 2597 3115 unius
2636 3043 2879 3127 ancillae
2902 3037 3302 3111 ministerio:

910 3163 983 3213 ut
1005 3138 1095 3211 est
1115 3139 1292 3236 apud
1314 3134 1684 3208 Eusebium
1705 3142 1777 3206 in
1802 3137 2200 3238 Chronicis3
2242 3144 2580 3213 Sexennio
2601 3163 2822 3212 autem
2843 3135 2999 3235 post
3020 3140 3198 3207 Cato
3222 3141 3298 3208 in

908 3240 1269 3311 Sardiniam
1294 3238 1495 3306 rediit
1523 3258 1764 3333 praetor
1781 3263 1803 3320 3
1848 3261 2088 3336 nempe
2114 3263 2300 3309 anno
2334 3241 2540 3312 Urbis
2564 3245 2785 3311 IoLvt
2814 3285 2836 3317 ,
2877 3240 3044 3306 Tito
3067 3236 3294 3332 Qin-

906 3340 1042 3411 &io
1079 3337 1460 3406 Flaminino
1488 3388 1508 3415 ,
1544 3343 1611 3407 &
1631 3340 1828 3406 Sexto
1859 3335 2035 3414 AElio
2059 3342 2239 3409 Paeto
2272 3334 2427 3409 coff.
2455 3338 2602 3408 Fuit
2623 3337 2760 3405 hoc
2783 3333 3141 3409 ⁴novennio
3172 3360 3293 3404 an-

903 3459 1177 3532 tequam
1222 3435 1492 3504 Fulvius
1526 3432 1885 3514 Nobilior,
1923 3434 2230 3508 adsumto
2269 3429 2521 3516 comite
2556 3435 2831 3516 Ennio,
2870 3434 2944 3504 in
2970 3433 3289 3506 AEtoliam
3387 3435 3396 3440 ’

905 3531 1242 3633 Ρτοῐεᾶυε
1281 3530 1392 3602 est.
1445 3533 1755 3631 Contigit
1791 3534 1976 3604 enim
2009 3531 2082 3607 id
2119 3560 2304 3607 anno
2338 3532 2545 3604 Urbis
2574 3537 2833 3609 Iova.
2861 3559 3081 3631 eoque
3101 3533 3297 3604 annis

905 3660 1016 3713 xv,
1051 3657 1128 3700 ex
1154 3658 1294 3728 quo
1321 3633 1571 3702 Ennius
1598 3627 1869 3707 venisset
1891 3635 2209 3706 Romam.
2261 3634 2430 3703 Non
2456 3627 2717 3728 possum
2749 3634 2822 3703 in
2857 3630 3155 3706 animum
3177 3634 3287 3701 in·-
3370 3680 3373 3683 -

904 3732 1140 3801 ducere
1170 3780 1189 3812 ‚
1230 3734 1294 3800 id
1335 3733 1669 3801 Catonem
1710 3729 1898 3804 fuiffe
1930 3735 2100 3807 vitio
2137 3726 2487 3805 versurum
2525 3781 2546 3815 ,
2592 3731 2783 3830 quod
2815 3731 3037 3831 egisset
3069 3732 3291 3829 prior.

906 3834 1134 3926 Qare
1163 3830 1451 3900 omnino
1474 3828 1608 3901 falli
1634 3829 1939 3904 existimo
1963 3827 2319 3903 Illustrium
2344 3831 2633 3903 vitarum
2652 3829 3040 3930 scriptorem
3064 3877 3086 3909 ,
3125 3828 3283 3899 cum

824 3959 831 3964 ·
906 3929 1027 4012 ait,
1057 3929 1393 4004 Catonem
1414 3926 1640 4003 secum
1661 3931 1729 4002 in
1755 3931 2176 4034 provinciam
2197 3926 2526 4008 deduxisse
2554 3929 2882 4005 Ennium*
2905 3930 3059 4004 Nec
3079 3949 3286 4093 grgve

1371 4038 1379 4047 ’
3072 4044 3137 4098 vi
3188 4045 3287 4100 err
3347 4040 3361 4047 ·

614 342 653 380 ³*
670 339 768 400 Lib
790 362 808 399 1
831 361 877 400 1.

582 437 698 504 cap.
719 444 772 485 2.
